@book {Cho, 
    author = "Taeg Sang Cho"
    title = "Motion blur removal from photographs"
    year = "2010".
    school = "Massachusetts Institute of Technology"
    location = " Cambridge Massachusetts"
}